@misc{High,
 title = {Active High Pass Filter},
 howpublished = {\url{http://www.electronics-tutorials.ws/filter/filter_6.html}},
 note = {Accessed: 2016-05-16}
}

@misc{Low,
 title = {Active Low Pass Filter},
 howpublished = {\url{http://www.electronics-tutorials.ws/filter/filter_5.html}},
 note = {Accessed: 2016-05-16}
}

@misc{Band,
 title = {Active Band Pass Filter},
 howpublished = {\url{http://www.electronics-tutorials.ws/filter/filter_7.html}},
 note = {Accessed: 2016-05-16}
}


